@article{lisa,
  author          = {Lisa Mueller},
  title           = {Example: Why this article does not exist},
  journal         = {Super popular journal},
  volume          = {3},
  number          = {1},
  year            = {2020}
}