
@book{abramowitz2013,
  title = {Handbook of Mathematical Functions: With Formulas, Graphs, and Mathematical Tables},
  shorttitle = {Handbook of Mathematical Functions},
  editor = {Abramowitz, Milton and Stegun, Irene A.},
  date = {2013},
  edition = {9. Dover print.; [Nachdr. der Ausg. von 1972]},
  publisher = {{Dover Publ}},
  location = {{New York, NY}},
  annotation = {OCLC: 935935300},
  isbn = {978-0-486-61272-0},
  langid = {english},
  pagetotal = {1046},
  series = {Dover Books on Mathematics}
}

@book{arens2015,
  title = {Mathematik},
  author = {Arens, Tilo and Hettlich, Frank and Karpfinger, Christian and Kockelkorn, Ulrich and Lichtenegger, Klaus and Stachel, Hellmuth},
  date = {2015},
  edition = {3. Auflage},
  publisher = {{Springer Spektrum}},
  location = {{Berlin Heidelberg}},
  abstract = {Dieses vierfarbige Lehrbuch bietet in einem Band ein lebendiges Bild der „gesamten“ Mathematik für Anwender. Angehende Ingenieure und Naturwissenschaftler finden hier die wichtigen Konzepte und Begriffe ausführlich und mit vielen Beispielen erklärt. Im Mittelpunkt stehen das Verständnis der Zusammenhänge und die Beherrschung der Rechentechniken.~~ Herausragende Merkmale sind: durchgängig vierfarbiges Layout mit mehr als 1500 Abbildungen prägnant formulierte Kerngedanken bilden die Abschnittsüberschriften Selbsttests in kurzen Abständen ermöglichen Lernkontrolle während des Lesens farbige Merkkästen heben das Wichtigste hervor mehr als 100 Anwendungsboxen erläutern Themen wie „Geometrie hinter dem GPS“, „Pageranking bei Google“ oder „harmonischer Oszillator“ Vertiefungsboxen geben einen Ausblick auf weiterführende Themen Zusammenfassungen zu jedem Kapitel sowie Übersichtsboxen mehr als 750 Verständnisfragen, Rechenaufgaben und Anwendungsprobleme ~Inhaltlich spannt sich der Bogen von elementaren Grundlagen über die Analysis einer Veränderlichen, der linearen Algebra, der Analysis mehrer Veränderlicher bis hin zu fortgeschrittenen Themen der Analysis, die für die Anwendung besonders wichtig sind, wie partielle Differenzialgleichungen, Fourierreihen und Laplacetransformationen. Numerische Konzepte sind integraler Bestandteil der Kapitel. Der Wahrscheinlichkeitsrechnung und Statistik ist einer der sechs Teile des Buchs gewidmet. ~Auf der Website zum Buch (Matheweb) finden Sie Bonusmaterialien zu zahlreichen Kapiteln Hinweise, Lösungswege und Ergebnisse zu allen Aufgaben Zusatzmaterialien wie Maple-Worksheets zu verschiedenen Themen des Buchs~~ die Möglichkeit, zu den Kapiteln Fragen zu stellen Das Buch wird allen Anwendern der Mathematik vom Beginn des~Studiums über höhere Semester bis in die Berufspraxis hinein ein langjähriger verlässlicher Begleiter sein. Für die 3. Auflage ist es vollständig durchgesehen~und in Details ergä nzt und didaktisch weiter verbessert worden. Stimmen zur 1. Auflage „Ein Lehrbuch, das Maßstäbe setzt!“~ Prof. Dr. Bernd Simeon, TU Kaiserslautern „Endlich ein deutschsprachiges Mathematikbuch, das so richtig Spaß macht.“ Prof. Dr. Martin Pohl, Hochschule Regensburg „Ein komplett neues und einmaliges Konzept: optisch und didaktisch geschrieben mit der Anschaulichkeit eines Schulbuches; mathematisch jedoch immer exakt und auch anspruchsvolle Themen erfassend. Meine Kollege},
  file = {/home/lucas/Zotero/storage/G8HDQKZW/Arens et al. - 2015 - Mathematik.pdf},
  isbn = {978-3-642-44918-5},
  langid = {german},
  pagetotal = {1630}
}

@book{atalla2015,
  title = {Finite Element and Boundary Methods in Structural Acoustics and Vibration},
  author = {Atalla, Noureddine and Sgard, Franck},
  date = {2015},
  abstract = {Finite Element and Boundary Methods in Structural Acoustics and Vibration provides a unique and in-depth presentation of the finite element method (FEM) and the boundary element method (BEM) in structural acoustics and vibrations. It illustrates the principles using a logical and progressive methodology which leads to a thorough understanding of their physical and mathematical principles and their implementation to solve a wide range of problems in structural acoustics and vibration.},
  annotation = {OCLC: 911263399},
  isbn = {978-1-4665-9287-2},
  langid = {english}
}

@book{bardsley2018,
  title = {Computational Uncertainty Quantification for Inverse Problems},
  author = {Bardsley, Johnathan},
  date = {2018},
  publisher = {{Society for Industrial and Applied Mathematics}},
  location = {{Philadelphia}},
  isbn = {978-1-61197-538-3},
  keywords = {Inverse problems (Differential equations)},
  pagetotal = {1},
  series = {Computational Science and Engineering}
}

@book{chambers1998,
  title = {Numerical {{Linear Algebra}} for {{Applications}} in {{Statistics}}.},
  author = {Chambers, J and Eddy, W and Härdle, W},
  date = {1998},
  publisher = {{Springer New York}},
  location = {{New York}},
  annotation = {OCLC: 958560716},
  isbn = {978-1-4612-0623-1},
  langid = {english}
}

@article{girolami2021,
  title = {The Statistical Finite Element Method ({{statFEM}}) for Coherent Synthesis of Observation Data and Model Predictions},
  author = {Girolami, Mark and Febrianto, Eky and Yin, Ge and Cirak, Fehmi},
  date = {2021-03},
  journaltitle = {Computer Methods in Applied Mechanics and Engineering},
  shortjournal = {Computer Methods in Applied Mechanics and Engineering},
  volume = {375},
  pages = {113533},
  issn = {00457825},
  doi = {10.1016/j.cma.2020.113533},
  url = {https://linkinghub.elsevier.com/retrieve/pii/S0045782520307180},
  urldate = {2021-06-24},
  file = {/home/lucas/Zotero/storage/UGS73LDV/Girolami et al. - 2021 - The statistical finite element method (statFEM) fo.pdf},
  langid = {english}
}

@article{gortler2019,
  title = {A {{Visual Exploration}} of {{Gaussian Processes}}},
  author = {Görtler, Jochen and Kehlbeck, Rebecca and Deussen, Oliver},
  date = {2019-04-02},
  journaltitle = {Distill},
  shortjournal = {Distill},
  volume = {4},
  pages = {10.23915/distill.00017},
  issn = {2476-0757},
  doi = {10.23915/distill.00017},
  url = {https://distill.pub/2019/visual-exploration-gaussian-processes},
  urldate = {2021-06-24},
  number = {4}
}

@article{kennedy2001,
  title = {Bayesian Calibration of Computer Models},
  author = {Kennedy, Marc C. and O'Hagan, Anthony},
  date = {2001},
  journaltitle = {Journal of the Royal Statistical Society: Series B (Statistical Methodology)},
  volume = {63},
  pages = {425--464},
  issn = {13697412},
  doi = {10.1111/1467-9868.00294},
  url = {http://doi.wiley.com/10.1111/1467-9868.00294},
  urldate = {2021-06-24},
  file = {/home/lucas/Zotero/storage/B3P796GY/Kennedy and O'Hagan - 2001 - Bayesian calibration of computer models.pdf},
  langid = {english},
  number = {3}
}

@book{langtangen2016,
  title = {Solving {{PDEs}} in {{Python}}},
  author = {Langtangen, Hans Petter and Logg, Anders},
  date = {2016},
  publisher = {{Springer International Publishing}},
  location = {{Cham}},
  doi = {10.1007/978-3-319-52462-7},
  url = {http://link.springer.com/10.1007/978-3-319-52462-7},
  urldate = {2021-06-24},
  isbn = {978-3-319-52461-0 978-3-319-52462-7},
  langid = {english}
}

@book{langtangen2019,
  title = {Introduction to {{Numerical Methods}} for {{Variational Problems}}},
  author = {Langtangen, Hans Petter and Mardal, Kent-Andre},
  date = {2019},
  abstract = {This textbook teaches finite element methods from a computational point of view. It focuses on how to develop flexible computer programs with Python, a programming language in which a combination of symbolic and numerical tools is used to achieve an explicit and practical derivation of finite element algorithms. The finite element library FEniCS is used throughout the book, but the content is provided in sufficient detail to ensure that students with less mathematical background or mixed programming-language experience will equally benefit. All program examples are available on the Internet},
  annotation = {OCLC: 1125316712},
  isbn = {978-3-030-23788-2},
  langid = {english}
}

@book{larson2013,
  title = {The Finite Element Method: Theory, Implementation, and Applications},
  shorttitle = {The Finite Element Method},
  author = {Larson, Mats G. and Bengzon, Fredrik},
  date = {2013},
  publisher = {{Springer}},
  location = {{Berlin Heidelberg}},
  abstract = {Introducing the finite element method as a general computational method for solving partial differential equations approximately, this book goes on to cover important applications including diffusion and transport phenomena, solid and fluid mechanics and more.--},
  annotation = {OCLC: 841296692},
  file = {/home/lucas/Zotero/storage/8ZFDIN7B/Larson and Bengzon - 2013 - The finite element method theory, implementation,.pdf},
  isbn = {978-3-642-33286-9 978-3-642-33287-6},
  langid = {english},
  number = {10},
  pagetotal = {385},
  series = {Texts in Computational Science and Engineering}
}

@book{matern2013,
  title = {Spatial {{Variation}}.},
  author = {Matern, B},
  date = {2013},
  publisher = {{Springer}},
  location = {{New York, NY}},
  url = {https://public.ebookcentral.proquest.com/choice/publicfullrecord.aspx?p=5590166},
  urldate = {2021-06-24},
  annotation = {OCLC: 1066182402},
  isbn = {978-1-4615-7892-5},
  langid = {english}
}

@book{moser2005,
  title = {Technische Akustik},
  author = {Möser, Michael},
  date = {2005},
  edition = {6., erw. und aktualisierte Aufl},
  publisher = {{Springer}},
  location = {{Berlin}},
  abstract = {Diese schon klassische Einführung ist in der Stoffauswahl und im Aufbau einzigartig und bewährt, ihre Themenauswahl widmet sich der Ingenieurausbildung. Vor allem wird Wert auf die wichtigsten Maßnahmen zur Beruhigung der Akustischen Umwelt gelegt. Alle Kapitel haben direkt und indirekt die Frage zum Gegenstand, wie die Lautstärke in den praktisch wichtigsten akustischen Umgebungen (in Gebäuden und im Freien) verringert werden kann. Den so genannten Maßnahmenkapiteln werden die Medienkapitel vorangestellt, die das erforderliche Grundlagenwissen über die Natur von Schall und Schwingungen vermitteln. Gegenüber der Vorauflage hat der Umfang um ein Fünftel zugenommen. Hervorzuheben ist ein neues Kapitel zu den Grundfragen und Tatsachen der "aktiven Lärmbekämpfung". Folgendes wurden u.a. zudem ergänzt:- die Betrachtung der Wellenausbreitung wurde auf bewegte Medien ausgedehnt- bei der Schallabsorption wird auch der schräge Schalleinfall diskutiert- die Hinweise auf die Normung wurden aktualisiert- am Ende jeden Kapitels wurde eine kurze und prägnante Zusammenfassung der wesentlichen Sachverhalte aufgenommen. TOC:Wahrnehmung von Schall.- Grundbegriffe der Wellenausbreitung .- Schallausbreitung und Schallabstrahlung.- Körperschall.- Elastische Isolation.- Schallabsorption.- Grundlagen der Raumakustik.- Schalldämmung.- Schalldämpfer.- Beugung.- Elektroakustische Wandler für Luftschall.- Grundlagen der aktiven Lärmbekämpfung. - Anhang A: Rechnen mit Pegeln.- Anhang B: Komplexe Zeiger.- Sachverzeichnis},
  annotation = {OCLC: 249654359},
  file = {/home/lucas/Zotero/storage/IPKPA4TL/Möser - 2005 - Technische Akustik.pdf},
  isbn = {978-3-540-22510-2},
  langid = {german},
  pagetotal = {356},
  series = {VDI-[Buch]}
}

@book{rasmussen2006,
  title = {Gaussian Processes for Machine Learning},
  author = {Rasmussen, Carl Edward and Williams, Christopher K. I.},
  date = {2006},
  publisher = {{MIT Press}},
  location = {{Cambridge, Mass}},
  annotation = {OCLC: ocm61285753},
  isbn = {978-0-262-18253-9},
  keywords = {Data processing,Gaussian processes,Machine learning,Mathematical models},
  pagetotal = {248},
  series = {Adaptive Computation and Machine Learning}
}

@article{riedel1992,
  title = {A {{Sherman}}–{{Morrison}}–{{Woodbury Identity}} for {{Rank Augmenting Matrices}} with {{Application}} to {{Centering}}},
  author = {Riedel, Kurt S.},
  date = {1992-04},
  journaltitle = {SIAM Journal on Matrix Analysis and Applications},
  shortjournal = {SIAM J. Matrix Anal. \& Appl.},
  volume = {13},
  pages = {659--662},
  issn = {0895-4798, 1095-7162},
  doi = {10.1137/0613040},
  url = {http://epubs.siam.org/doi/10.1137/0613040},
  urldate = {2021-06-24},
  file = {/home/lucas/Zotero/storage/SDINIV8M/Riedel - 1992 - A Sherman–Morrison–Woodbury Identity for Rank Augm.pdf},
  langid = {english},
  number = {2}
}

@article{schon2011,
  title = {Manipulating the {{Multivariate Gaussian Density}}},
  author = {Schon, Thomas B and Lindsten, Fredrik},
  date = {2011},
  pages = {10},
  url = {http://user.it.uu.se/~thosc112/pubpdf/schonl2011.pdf},
  urldate = {2021-07-01},
  abstract = {In these note we provide some important properties of the multivariate Gaussian, which are important building blocks for more sophisticated probabilistic models. We also illustrate how these properties can be used to derive the Kalman filter.},
  file = {/home/lucas/Zotero/storage/PZUGFNRI/Schon and Lindsten - Manipulating the Multivariate Gaussian Density.pdf},
  langid = {english}
}

@book{stein1999,
  title = {Interpolation of Spatial Data Some Theory for Kriging},
  author = {Stein, Michael L},
  date = {1999},
  url = {https://doi.org/10.1007/978-1-4612-1494-6},
  urldate = {2021-06-24},
  annotation = {OCLC: 1184292315},
  isbn = {978-1-4612-1494-6},
  langid = {german}
}

@unpublished{tomaskovic-moore,
  title = {Math 240 — {{Calculus III}}},
  author = {{Tomaskovic-Moore}},
  url = {https://www2.math.upenn.edu/~moose/240S2013/slides7-16.pdf},
  urldate = {2021-07-01},
  file = {/home/lucas/Zotero/storage/FDSPGILU/slides7-16.pdf}
}

@book{westermann2015,
  title = {Mathematik für Ingenieure},
  author = {Westermann, Thomas},
  date = {2015},
  publisher = {{Springer Berlin Heidelberg}},
  location = {{Berlin, Heidelberg}},
  annotation = {OCLC: 961399364},
  isbn = {978-3-642-54290-9},
  langid = {german}
}

@online{zotero-33,
  title = {Linear Algebra - {{Affine}} Transformation Applied to a Multivariate {{Gaussian}} Random Variable - What Is the Mean Vector and Covariance Matrix of the New Variable?},
  url = {https://math.stackexchange.com/questions/332441/affine-transformation-applied-to-a-multivariate-gaussian-random-variable-what},
  urldate = {2021-06-30},
  file = {/home/lucas/Zotero/storage/YPUNSVDM/affine-transformation-applied-to-a-multivariate-gaussian-random-variable-what.html},
  organization = {{Mathematics Stack Exchange}}
}

@online{zotero-38,
  title = {Determinants},
  url = {http://www.math.lsa.umich.edu/~hochster/419/det.html},
  urldate = {2021-07-01},
  file = {/home/lucas/Zotero/storage/FRWYI393/det.html}
}


